<?xml version="1.0"?>
<collection xmlns="http://www.loc.gov/MARC21/slim">
  <record>
    <leader>02053cam a2200421 a 4500</leader>
    <controlfield tag="001">1926192928akad</controlfield>
    <controlfield tag="003">CaSfIA</controlfield>
    <controlfield tag="005">20160525191246.0</controlfield>
    <controlfield tag="007">cr||||||||||||</controlfield>
    <controlfield tag="008">890919r19881985abc      bc       0 ukr d</controlfield>
    <datafield tag="010" ind1=" " ind2=" ">
      <subfield code="a">   86179871</subfield>
    </datafield>
    <datafield tag="035" ind1=" " ind2=" ">
      <subfield code="a">ocm65725933</subfield>
    </datafield>
    <datafield tag="040" ind1=" " ind2=" ">
      <subfield code="a">DLC</subfield>
      <subfield code="b">eng</subfield>
      <subfield code="c">DLC</subfield>
      <subfield code="d">CaSfIA</subfield>
    </datafield>
    <datafield tag="043" ind1=" " ind2=" ">
      <subfield code="a">e-ur-un</subfield>
    </datafield>
    <datafield tag="049" ind1=" " ind2=" ">
      <subfield code="a">AEU</subfield>
      <subfield code="b">eng</subfield>
    </datafield>
    <datafield tag="050" ind1="0" ind2="0">
      <subfield code="a">Z6956.S65</subfield>
      <subfield code="b">P36 1985</subfield>
      <subfield code="a">PN5278.U42</subfield>
    </datafield>
    <datafield tag="090" ind1="0" ind2=" ">
      <subfield code="a">PN 5278 U32 Z9 A316 1988</subfield>
      <subfield code="b">AEU</subfield>
    </datafield>
    <datafield tag="110" ind1="2" ind2=" ">
      <subfield code="a">Akademii&#x361;a nauk Ukra&#xEF;ns&#x2B9;ko&#xEF; RSR.</subfield>
      <subfield code="b">T&#x361;Sentral&#x2B9;na naukova biblioteka.</subfield>
    </datafield>
    <datafield tag="245" ind1="1" ind2="0">
      <subfield code="a">Hazety Radi&#x361;ans&#x2B9;ko&#xEF; Ukra&#xEF;ny, 1926-1929 rr. u fondakh T&#x361;Sentral&#x2B9;no&#x131;&#x308; naukovo&#x131;&#x308; biblioteky Akademii nauk Ukra&#x131;&#x308;ns&#x2B9;ko&#x131;&#x308; RSR) :</subfield>
      <subfield code="h">[electronic resource] </subfield>
      <subfield code="b">kataloh /</subfield>
      <subfield code="c">[ukladachi, L.V. Pakhucha (kerivnyk roboty), O.S. Luk'i&#x361;anchuk, I.V. Sira].</subfield>
    </datafield>
    <datafield tag="260" ind1=" " ind2=" ">
      <subfield code="a">Edmonton :</subfield>
      <subfield code="b">Kanads&#x2B9;ky&#x131;&#x306; instytut ukra&#x131;&#x308;ns&#x2B9;kykh studi&#x131;&#x306;,</subfield>
      <subfield code="c">1988.</subfield>
    </datafield>
    <datafield tag="300" ind1=" " ind2=" ">
      <subfield code="a">305 p. ;</subfield>
      <subfield code="c">28 cm.</subfield>
    </datafield>
    <datafield tag="336" ind1=" " ind2=" ">
      <subfield code="a">text</subfield>
      <subfield code="b">txt</subfield>
      <subfield code="2">rdacontent</subfield>
    </datafield>
    <datafield tag="337" ind1=" " ind2=" ">
      <subfield code="a">unmediated</subfield>
      <subfield code="b">n</subfield>
      <subfield code="2">rdamedia</subfield>
    </datafield>
    <datafield tag="338" ind1=" " ind2=" ">
      <subfield code="a">volume</subfield>
      <subfield code="b">nc</subfield>
      <subfield code="2">rdacarrier</subfield>
    </datafield>
    <datafield tag="490" ind1="1" ind2=" ">
      <subfield code="a">Dovidnyk ;</subfield>
      <subfield code="v">no. 28</subfield>
    </datafield>
    <datafield tag="500" ind1=" " ind2=" ">
      <subfield code="a">Title in colophon: Gazety Sovetsko&#x12D; Ukrainy 1926-1929 gg. v fondakh T&#x361;SNB AN USSR.</subfield>
    </datafield>
    <datafield tag="500" ind1=" " ind2=" ">
      <subfield code="a">Continues: Hazety Radi&#x361;ans&#x2B9;ko&#xEF; Ukra&#xEF;ny, 1921-1925.</subfield>
    </datafield>
    <datafield tag="500" ind1=" " ind2=" ">
      <subfield code="a">Title on added t.p.: Soviet Ukrainian Newspapers 1926-1929 : holdings of the Central Academic Library of the Ukrainian SSR Academy of Science.</subfield>
    </datafield>
    <datafield tag="504" ind1=" " ind2=" ">
      <subfield code="a">Bibliography: p. 303-305.</subfield>
    </datafield>
    <datafield tag="534" ind1=" " ind2=" ">
      <subfield code="p">Reprint. Originally published:</subfield>
      <subfield code="c">Ky&#x131;&#x308;v : AN URSR T&#x361;SNB, 1985.</subfield>
    </datafield>
    <datafield tag="596" ind1=" " ind2=" ">
      <subfield code="a">38</subfield>
    </datafield>
    <datafield tag="610" ind1="2" ind2="0">
      <subfield code="a">Akademii&#x361;a nauk Ukra&#xEF;ns&#x2B9;ko&#xEF; RSR.</subfield>
      <subfield code="b">T&#x361;Sentral&#x2B9;na naukova biblioteka</subfield>
      <subfield code="v">Catalogs.</subfield>
    </datafield>
    <datafield tag="650" ind1=" " ind2="0">
      <subfield code="a">Ukrainian newspapers</subfield>
      <subfield code="z">Ukraine</subfield>
      <subfield code="z">Kiev</subfield>
      <subfield code="v">Bibliography</subfield>
      <subfield code="v">Catalogs.</subfield>
    </datafield>
    <datafield tag="700" ind1="1" ind2=" ">
      <subfield code="a">Luk'i&#x361;anchuk, O. S.</subfield>
    </datafield>
    <datafield tag="700" ind1="1" ind2=" ">
      <subfield code="a">Sira, I. V.</subfield>
    </datafield>
    <datafield tag="700" ind1="1" ind2=" ">
      <subfield code="a">Pakhucha, L. V.</subfield>
    </datafield>
    <datafield tag="710" ind1="2" ind2=" ">
      <subfield code="a">Akademii&#x361;a nauk Ukra&#xEF;ns&#x2B9;ko&#xEF; RSR.</subfield>
      <subfield code="b">T&#x361;Sentral&#x2B9;na naukova biblioteka.</subfield>
      <subfield code="b">Viddil hazetnykh fondiv.</subfield>
    </datafield>
    <datafield tag="740" ind1="0" ind2=" ">
      <subfield code="a">Gazety Sovetsko&#x12D; Ukrainy 1926-1929 gg. v fondakh T&#x361;SNB AN USSR.</subfield>
    </datafield>
    <datafield tag="740" ind1="0" ind2=" ">
      <subfield code="a">Soviet Ukrainian newspapers, 1926-1929.</subfield>
    </datafield>
    <datafield tag="830" ind1=" " ind2="0">
      <subfield code="a">Occasional research reports ;</subfield>
      <subfield code="v">no. 28.</subfield>
    </datafield>
    <datafield tag="856" ind1="4" ind2="1">
      <subfield code="u">http://archive.org/details/1926192928akad</subfield>
      <subfield code="z">Free eBook from the Internet Archive</subfield>
      <subfield code="3">Volume 28</subfield>
    </datafield>
    <datafield tag="856" ind1="4" ind2="2">
      <subfield code="u">http://www.openlibrary.org/books/OL2304841M</subfield>
      <subfield code="z">Additional information and access via Open Library</subfield>
      <subfield code="3">Volume 28</subfield>
    </datafield>
  </record>
</collection>
